<record><leader>00000cas a22000007a 4500</leader><controlfield tag="001">20429583</controlfield><controlfield tag="008">891003d187718uumdudn ne      0    0eng d</controlfield><datafield ind1=" " ind2=" " tag="010"><subfield code="a">sn 89060145 </subfield></datafield><datafield ind1=" " ind2=" " tag="040"><subfield code="a">MFN</subfield><subfield code="b">eng</subfield><subfield code="c">MFN</subfield><subfield code="d">DLC</subfield><subfield code="d">OCLCQ</subfield></datafield><datafield ind1=" " ind2=" " tag="042"><subfield code="a">msc</subfield></datafield><datafield ind1="0" ind2=" " tag="130"><subfield code="a">Daily times (Frederick, Md. : 1877)</subfield></datafield><datafield ind1="1" ind2="4" tag="245"><subfield code="a">The daily times.</subfield></datafield><datafield ind1=" " ind2=" " tag="260"><subfield code="a">Frederick, Md. :</subfield><subfield code="b">Kaufman &amp; Bouldin</subfield></datafield><datafield ind1=" " ind2=" " tag="300"><subfield code="a">v.</subfield></datafield><datafield ind1=" " ind2=" " tag="310"><subfield code="a">Daily (except Sun.)</subfield></datafield><datafield ind1="1" ind2=" " tag="362"><subfield code="a">Began in 1877?</subfield></datafield><datafield ind1=" " ind2=" " tag="580"><subfield code="a">Weekly eds.: Frederick times (Frederick, Md. : 1876), 1877-188 ; The Frederick weekly times, 188 -18.</subfield></datafield><datafield ind1=" " ind2=" " tag="588"><subfield code="a">Description based on: Vol. 1, no. 303 (Oct. 2, 1878).</subfield></datafield><datafield ind1=" " ind2=" " tag="752"><subfield code="a">United States</subfield><subfield code="b">Maryland</subfield><subfield code="c">Frederick</subfield><subfield code="d">Frederick.</subfield></datafield><datafield ind1="1" ind2=" " tag="775"><subfield code="t">Frederick times (Frederick, Md. : 1876)</subfield><subfield code="w">(DLC)sn 85025349</subfield></datafield><datafield ind1="1" ind2=" " tag="775"><subfield code="t">Frederick weekly times</subfield><subfield code="w">(DLC)sn 90057157</subfield></datafield></record>